% Hier Bibtex-Quellen einf端gen. Einige Beispiele sind unten f端r B端cher angegeben.
@book{Dubbel.2007,
 editor = {Dubbel, H. and Grote, K.-H.},
 year = {2007},
 title = {Taschenbuch f端r den Maschinenbau},
 address = {Berlin, Heidelberg, New York},
 edition = {22., neubearb. und erw},
 publisher = {Springer},
 isbn = {3540497145}
}

@book{Eringen.1962,
 author = {Eringen, A. C.},
 year = {1962},
 title = {{N}onlinear Theory of Continuous Media},
 address = {New York},
 publisher = {McGraw-Hill},
 series = {{M}c{G}raw-{H}ill Series in Engineering Sciences}
}

@book{nye.1967,
 author = {J. F. Nye},
 year = {1967},
 title = {Physical Properties of Crystals: Their Representation by Tensors and Matrices},
 address = {Oxford},
 publisher = {Oxford University Press},
 isbn = {9780198511656}
}

@book{mueller.2011,
  title={Streifz{\"u}ge durch die Kontinuumstheorie},
  author={M{\"u}ller, W. H.},
  isbn={978-3-642-198694},
  year={2011},
  address = {Berlin},
  publisher={Springer}
}